@INPROCEEDINGS{informedRRT, 
author={J. D. Gammell and S. S. Srinivasa and T. D. Barfoot}, 
booktitle={2014 IEEE/RSJ International Conference on Intelligent Robots and Systems}, 
title={Informed RRT*: Optimal sampling-based path planning focused via direct sampling of an admissible ellipsoidal heuristic}, 
year={2014}, 
volume={}, 
number={}, 
pages={2997-3004}, 
keywords={optimal control;path planning;admissible ellipsoidal heuristic;direct sampling;informed RRT;motion planning;optimal path;optimal sampling;path planning;rapidly exploring random trees;single query nature;single query problems;Convergence;Heuristic algorithms;Matrix decomposition;Planning;Probabilistic logic;Search problems;Smoothing methods}, 
doi={10.1109/IROS.2014.6942976}, 
ISSN={2153-0858}, 
month={Sept},}

@INPROCEEDINGS{learningguidedRRT, 
author={O. Arslan and P. Tsiotras}, 
booktitle={2015 IEEE/RSJ International Conference on Intelligent Robots and Systems (IROS)}, 
title={Machine learning guided exploration for sampling-based motion planning algorithms}, 
year={2015}, 
volume={}, 
number={}, 
pages={2646-2652}, 
keywords={learning (artificial intelligence);path planning;regression analysis;sampling methods;RRT# algorithm;classification phase;machine learning guided exploration;motion planning algorithm;regression phase;sampling-based path-planner;Approximation algorithms;Machine learning algorithms;Planning;Prediction algorithms;Search problems;Training;Yttrium}, 
doi={10.1109/IROS.2015.7353738}, 
ISSN={}, 
month={Sept},}

@inproceedings{li2018rocs,
  title={ROCS: A Robustly Complete Control Synthesis Tool for Nonlinear Dynamical Systems},
  author={Li, Yinan and Liu, Jun},
  booktitle={Proceedings of the 21st International Conference on Hybrid Systems: Computation and Control (part of CPS Week)},
  pages={130--135},
  year={2018},
  organization={ACM}
}

@inproceedings{kiesel2012abstraction,
  title={Abstraction-Guided Sampling for Motion Planning.},
  author={Kiesel, Scott and Burns, Ethan and Ruml, Wheeler},
  booktitle={SoCS},
  year={2012}
}

@article{cho2017cost,
  title={Cost-aware path planning under co-safe temporal logic specifications},
  author={Cho, Kyunghoon and Suh, Junghun and Tomlin, Claire J and Oh, Songhwai},
  journal={IEEE Robotics and Automation Letters},
  volume={2},
  number={4},
  pages={2308--2315},
  year={2017},
  publisher={IEEE}
}

@inproceedings{le2014guiding,
  title={Guiding sampling-based tree search for motion planning with dynamics via probabilistic roadmap abstractions},
  author={Le, Duong and Plaku, Erion},
  booktitle={Intelligent Robots and Systems (IROS 2014), 2014 IEEE/RSJ International Conference on},
  pages={212--217},
  year={2014},
  organization={IEEE}
}

@inproceedings{DBLP:conf/cav/KretinskyMS18, 
	author = {Jan K{\v r}et{\'{\i}}nsk{\'{y}} and Tobias Meggendorfer and Salomon Sickert and Christopher Ziegler}, 
	title = {Rabinizer 4: From {LTL} to Your Favourite Deterministic Automaton}, 
	booktitle = {{CAV}}, 
	year = {2018},
	note={To appear}
}

@inproceedings{DBLP:conf/hybrid/SvorenovaKCCCB15,
	author    = {Mar{\'{\i}}a Svorenov{\'{a}} and
	Jan K{\v r}et{\'{\i}}nsk{\'{y}} and
	Martin Chmelik and
	Krishnendu Chatterjee and
	Ivana Cern{\'{a}} and
	Calin Belta},
	title     = {Temporal logic control for stochastic linear systems using abstraction
	refinement of probabilistic games},
	booktitle = {Proceedings of the 18th International Conference on Hybrid Systems:
	Computation and Control, HSCC'15, Seattle, WA, USA, April 14-16, 2015},
	pages     = {259--268},
	year      = {2015}
}

@INPROCEEDINGS{Vasile2017,
author={C. I. Vasile and V. Raman and S. Karaman},
booktitle={2017 IEEE/RSJ International Conference on Intelligent Robots and Systems (IROS)},
title={Sampling-based synthesis of maximally-satisfying controllers for temporal logic specifications},
year={2017},
pages={3840-3847},
doi={10.1109/IROS.2017.8206235},
month={Sept}
}

@INPROCEEDINGS{Vasile2013,
author={C. I. Vasile and C. Belta},
booktitle={2013 IEEE/RSJ International Conference on Intelligent Robots and Systems},
title={Sampling-based temporal logic path planning},
year={2013},
pages={4817-4822},
doi={10.1109/IROS.2013.6697051},
ISSN={2153-0858},
month={Nov},}

@INPROCEEDINGS{Vasile2014,
author={C. I. Vasile and C. Belta},
booktitle={2014 IEEE International Conference on Robotics and Automation (ICRA)},
title={Reactive sampling-based temporal logic path planning},
year={2014},
pages={4310-4315},
doi={10.1109/ICRA.2014.6907486},
ISSN={1050-4729},
month={May},}

@inproceedings{DBLP:conf/cdc/EhlersMT16,
  author    = {R{\"{u}}diger Ehlers and
               Salar Moarref and
               Ufuk Topcu},
  title     = {Risk-averse control of Markov decision processes with {\(\omega\)}-regular
               objectives},
  booktitle = {55th {IEEE} Conference on Decision and Control, {CDC} 2016, Las Vegas,
               NV, USA, December 12-14, 2016},
  pages     = {426--433},
  year      = {2016},
  url       = {https://doi.org/10.1109/CDC.2016.7798306},
  doi       = {10.1109/CDC.2016.7798306},
  timestamp = {Thu, 14 Dec 2017 12:48:19 +0100},
  biburl    = {https://dblp.org/rec/bib/conf/cdc/EhlersMT16},
  bibsource = {dblp computer science bibliography, https://dblp.org}
}


@inproceedings{poonawala2016filter,
  title={Filter-based stochastic abstractions for constrained planning with limited sensing},
  author={Poonawala, Hasan A and Topcu, Ufuk},
  booktitle={Decision and Control (CDC), 2016 IEEE 55th Conference on},
  pages={3319--3324},
  year={2016},
  organization={IEEE}
}

@inproceedings{llerena2017probabilistic,
  title={Probabilistic model checking of perturbed MDPs with applications to cloud computing},
  author={Llerena, Yamilet R Serrano and Su, Guoxin and Rosenblum, David S},
  booktitle=fse,
  pages={454--464},
  year={2017},
  organization={ACM}
}

@article{homma1996importance,
  title={Importance measures in global sensitivity analysis of nonlinear models},
  author={Homma, Toshimitsu and Saltelli, Andrea},
  journal={Reliability Engineering \& System Safety},
  volume={52},
  number={1},
  pages={1--17},
  year={1996},
  publisher={Elsevier}
}


@article{hasanbeig2018logically,
  title={Logically-Correct Reinforcement Learning},
  author={Hasanbeig, Mohammadhosein and Abate, Alessandro and Kroening, Daniel},
  journal={arXiv preprint arXiv:1801.08099},
  year={2018}
}

@inproceedings{DBLP:conf/atva/BrazdilCCFKKPU14,
	author    = {Tom{\'{a}}s Br{\'{a}}zdil and
	Krishnendu Chatterjee and
	Martin Chmelik and
	Vojtech Forejt and
	Jan Kret{\'{\i}}nsk{\'{y}} and
	Marta Z. Kwiatkowska and
	David Parker and
	Mateusz Ujma},
	title     = {Verification of Markov Decision Processes Using Learning Algorithms},
	booktitle = {Automated Technology for Verification and Analysis - 12th International
	Symposium, {ATVA} 2014, Sydney, NSW, Australia, November 3-7, 2014,
	Proceedings},
	pages     = {98--114},
	year      = {2014},
	crossref  = {DBLP:conf/atva/2014},
	url       = {https://doi.org/10.1007/978-3-319-11936-6_8},
	doi       = {10.1007/978-3-319-11936-6_8},
	timestamp = {Sun, 21 May 2017 00:22:26 +0200},
	biburl    = {https://dblp.org/rec/bib/conf/atva/BrazdilCCFKKPU14},
	bibsource = {dblp computer science bibliography, https://dblp.org}
}

@inproceedings{DBLP:conf/icml/McMahanLG05,
	author    = {H. Brendan McMahan and
	Maxim Likhachev and
	Geoffrey J. Gordon},
	editor    = {Luc De Raedt and
	Stefan Wrobel},
	title     = {Bounded real-time dynamic programming: {RTDP} with monotone upper
	bounds and performance guarantees},
	booktitle = {Machine Learning, Proceedings of the Twenty-Second International Conference
	{(ICML} 2005), Bonn, Germany, August 7-11, 2005},
	series    = {{ACM} International Conference Proceeding Series},
	volume    = {119},
	pages     = {569--576},
	publisher = {{ACM}},
	year      = {2005},
	url       = {http://doi.acm.org/10.1145/1102351.1102423},
	doi       = {10.1145/1102351.1102423},
	timestamp = {Mon, 22 Oct 2007 13:52:21 +0200},
	biburl    = {https://dblp.org/rec/bib/conf/icml/McMahanLG05},
	bibsource = {dblp computer science bibliography, https://dblp.org}
}

@phdthesis{Sharan2014,
  author       = {Rangoli Sharan}, 
  title        = {Formal methods for control synthesis in partially observed environments : application to autonomous robotic manipulation},
  school       = {California Institute of Technology},
  year         = {2014},
  month        = {4},
}


@ARTICLE{Plaku2013,
title={Falsification of LTL safety properties in hybrid systems},
author={    Erion Plaku and Lydia E. Kavraki and Moshe Y. Vardi},
year={2013},
journal={International Journal on Software Tools for Technology Transfer}
}



@INPROCEEDINGS{Plaku2012,
author = {Erion Plaku},
title = {Planning in Discrete and Continuous Spaces: From LTL Tasks to Robot Motions},
booktitle = {Advances in Autonomous Robotics, TAROS 2012},
vol={7429},
year={2012}
}

@INPROCEEDINGS{Bhatia2010,
author={A. Bhatia and L. E. Kavraki and M. Y. Vardi},
booktitle={2010 IEEE International Conference on Robotics and Automation},
title={Sampling-based motion planning with temporal goals},
year={2010},
volume={},
number={},
pages={2689-2696},
doi={10.1109/ROBOT.2010.5509503},
ISSN={1050-4729},
month={May},}


@ARTICLE{Muhayyuddin2017,
title={Physics-based Motion Planning with Temporal Logic Specifications},
journal={arXiv},
author = {Muhayyuddin and Aliakbar Akbari and Jan Rosell},
year = {2017}
}
@INPROCEEDINGS{Alvarez2016,
title={Language-Guided Sampling-based Planning using Temporal Relaxation},
author={Francisco Penedo Alvarez and Cristian-Ioan Vasile and Calin Belta},
booktitle = {Workshop on Algorithmic Foundations in Robotics (WAFR)},
year = {2016}
}

@INPROCEEDINGS{Akgun2011,
author={B. Akgun and M. Stilman},
booktitle={2011 IEEE/RSJ International Conference on Intelligent Robots and Systems},
title={Sampling heuristics for optimal motion planning in high dimensions},
year={2011},
pages={2640-2645},
month={Sept},}

@INPROCEEDINGS{Karaman2012,
author={S. Karaman and E. Frazzoli},
booktitle={2012 American Control Conference (ACC)},
title={Sampling-based algorithms for optimal motion planning with deterministic $\mu$-calculus specifications},
year={2012},
volume={},
number={},
pages={735-742},
doi={10.1109/ACC.2012.6315419},
ISSN={0743-1619},
month={June},}

@INPROCEEDINGS{Castro2013,
author={L. I. Reyes Castro and P. Chaudhari and J. Tůmová and S. Karaman and E. Frazzoli and D. Rus},
booktitle={52nd IEEE Conference on Decision and Control},
title={Incremental sampling-based algorithm for minimum-violation motion planning},
year={2013},
volume={},
number={},
pages={3217-3224},
month={Dec},}

@INPROCEEDINGS{Arslan2013,
author={O. Arslan and P. Tsiotras},
booktitle={2013 IEEE International Conference on Robotics and Automation},
title={Use of relaxation methods in sampling-based algorithms for optimal motion planning},
year={2013},
pages={2421-2428},
doi={10.1109/ICRA.2013.6630906},
ISSN={1050-4729},
month={May},}


@article{mcmahon_plaku_2017, 
title={Robot motion planning with task specifications via regular languages}, volume={35}, DOI={10.1017/S0263574715000417}, number={1}, journal={Robotica}, publisher={Cambridge University Press}, author={McMahon, James and Plaku, Erion}, year={2017}, pages={26–49}}


@article{Plaku2016,
 title={Motion planning with temporal-logic specifications: Progress and challenges},
author = {Erion Plaku and Sertac Karaman},
journal={AI Communications}, 
vol={29},
number = {1},
pages = {151-162},
year={ 2016}
}
