@article{karaman2011sampling,
  title={\href{https://journals.sagepub.com/doi/10.1177/0278364911406761}{Sampling-based algorithms for optimal motion planning}},
  author={Karaman, Sertac and Frazzoli, Emilio},
  journal={The International Journal of Robotics Research},
  volume={30},
  number={7},
  pages={846--894},
  year={2011},
  publisher={Sage Publications Sage UK: London, England}
}

@book{BK08,
author = {Baier, Christel and Katoen, Joost-Pieter},
year = {2008},
month = {01},
pages = {},
title = {\href{https://mitpress.mit.edu/books/principles-model-checking}{Principles of Model Checking}},
volume = {26202649},
isbn = {978-0-262-02649-9}
}

@inproceedings{ayala2013temporal,
  title={\href{https://ieeexplore.ieee.org/document/6697120}{Temporal logic motion planning in unknown environments}},
  author={Ayala, AI Medina and Andersson, Sean B and Belta, Calin},
  booktitle={2013 IEEE/RSJ International Conference on Intelligent Robots and Systems},
  pages={5279--5284},
  year={2013},
  organization={IEEE}
}

@InProceedings{ltlandldba,
author="Sickert, Salomon
and Esparza, Javier
and Jaax, Stefan
and K{\v{r}}et{\'i}nsk{\'y}, Jan",
editor="Chaudhuri, Swarat
and Farzan, Azadeh",
title="Limit-Deterministic B{\"u}chi Automata for Linear Temporal Logic",
booktitle="Computer Aided Verification",
year="2016",
publisher="Springer International Publishing",
address="Cham",
pages="312--332",
abstract="Limit-deterministic B{\"u}chi automata can replace deterministic Rabin automata in probabilistic model checking algorithms, and can be significantly smaller. We present a direct construction from an LTL formula {\$}{\$}{\backslash}varphi {\$}{\$}to a limit-deterministic B{\"u}chi automaton. The automaton is the combination of a non-deterministic component, guessing the set of eventually true {\$}{\$}{\{}{\backslash}mathbf {\{}G{\}}{\}}{\$}{\$}-subformulas of {\$}{\$}{\backslash}varphi {\$}{\$}, and a deterministic component verifying this guess and using this information to decide on acceptance. Contrary to the indirect approach of constructing a non-deterministic automaton for {\$}{\$}{\backslash}varphi {\$}{\$}and then applying a semi-determinisation algorithm, our translation is compositional and has a clear logical structure. Moreover, due to its special structure, the resulting automaton can be used not only for qualitative, but also for quantitative verification of MDPs, using the same model checking algorithm as for deterministic automata. This allows one to reuse existing efficient implementations of this algorithm without any modification. Our construction yields much smaller automata for formulas with deep nesting of modal operators and performs at least as well as the existing approaches on general formulas.",
isbn="978-3-319-41540-6"
}


@inproceedings{ltl,
author = {Pnueli, Amir},
title = {\href{https://doi.org/10.1109/SFCS.1977.32}{The Temporal Logic of Programs}},
year = {1977},
publisher = {IEEE Computer Society},
address = {USA},
abstract = {A unified approach to program verification is suggested, which applies to both sequential and parallel programs. The main proof method suggested is that of temporal reasoning in which the time dependence of events is the basic concept. Two formal systems are presented for providing a basis for temporal reasoning. One forms a formalization of the method of intermittent assertions, while the other is an adaptation of the tense logic system Kb, and is particularly suitable for reasoning about concurrent programs.},
booktitle = {Proceedings of the 18th Annual Symposium on Foundations of Computer Science},
pages = {46â€“57},
numpages = {12},
series = {SFCS '77}
}

@inproceedings{kantaros2020reactive,
  title={\href{https://ieeexplore.ieee.org/document/9197570}{Reactive Temporal Logic Planning for Multiple Robots in Unknown Environments}},
  author={Kantaros, Yiannis and Malencia, Matthew and Kumar, Vijay and Pappas, George J},
  booktitle={2020 IEEE International Conference on Robotics and Automation (ICRA)},
  pages={11479--11485},
  year={2020},
  organization={IEEE}
}

@article{aydemir2013active,
  title={\href{https://ieeexplore.ieee.org/document/6507635}{Active visual object search in unknown environments using uncertain semantics}},
  author={Aydemir, Alper and Pronobis, Andrzej and G{\"o}belbecker, Moritz and Jensfelt, Patric},
  journal={IEEE Transactions on Robotics},
  volume={29},
  number={4},
  pages={986--1002},
  year={2013},
  publisher={IEEE}
}

@article{kantaros2020stylus,
  title={\href{https://journals.sagepub.com/doi/10.1177/0278364920913922}{STyLuS*: A Temporal Logic Optimal Control Synthesis Algorithm for Large-Scale Multi-Robot Systems}},
  author={Kantaros, Yiannis and Zavlanos, Michael M},
  journal={The International Journal of Robotics Research},
  volume={39},
  number={7},
  pages={812--836},
  year={2020},
  publisher={SAGE Publications Sage UK: London, England}
}

@article{kantaros2018sampling,
  title={\href{https://ieeexplore.ieee.org/document/8404066}{Sampling-based optimal control synthesis for multirobot systems under global temporal tasks}},
  author={Kantaros, Yiannis and Zavlanos, Michael M},
  journal={IEEE Transactions on Automatic Control},
  volume={64},
  number={5},
  pages={1916--1931},
  year={2018},
  publisher={IEEE}
}

@inproceedings{karaman2009sampling,
  title={\href{https://ieeexplore.ieee.org/document/5400278}{Sampling-based motion planning with deterministic $\mu$-calculus specifications}},
  author={Karaman, Sertac and Frazzoli, Emilio},
  booktitle={Proceedings of the 48h IEEE Conference on Decision and Control (CDC) held jointly with 2009 28th Chinese Control Conference},
  pages={2222--2229},
  year={2009},
  organization={IEEE}
}

@inproceedings{bhatia2010sampling,
  title={\href{https://ieeexplore.ieee.org/document/5509503}{Sampling-based motion planning with temporal goals}},
  author={Bhatia, Amit and Kavraki, Lydia E and Vardi, Moshe Y},
  booktitle={2010 IEEE International Conference on Robotics and Automation},
  pages={2689--2696},
  year={2010},
  organization={IEEE}
}

@inproceedings{vasile2013sampling,
  title={\href{https://ieeexplore.ieee.org/document/6697051}{Sampling-based temporal logic path planning}},
  author={Vasile, Cristian Ioan and Belta, Calin},
  booktitle={2013 IEEE/RSJ International Conference on Intelligent Robots and Systems},
  pages={4817--4822},
  year={2013},
  organization={IEEE}
}

@article{luo2019abstraction,
  title={\href{https://arxiv.org/abs/1909.00526}{An Abstraction-Free Method for Multi-Robot Temporal Logic Optimal Control Synthesis}},
  author={Luo, Xusheng and Kantaros, Yiannis and Zavlanos, Michael M},
  journal={arXiv preprint arXiv:1909.00526},
  year={2019}
}

@inproceedings{tajvar2020safe,
  title={\href{https://ieeexplore.ieee.org/document/9216891}{Safe Motion Planning for an Uncertain Non-Holonomic System with Temporal Logic Specification}},
  author={Tajvar, Pouria and Barbosa, Fernando S and Tumova, Jana},
  booktitle={2020 IEEE 16th International Conference on Automation Science and Engineering (CASE)},
  pages={349--354},
  year={2020},
  organization={IEEE}
}

@inproceedings{yamauchi1997frontier,
  title={\href{https://ieeexplore.ieee.org/document/613851}{A frontier-based approach for autonomous exploration}},
  author={Yamauchi, Brian},
  booktitle={Proceedings 1997 IEEE International Symposium on Computational Intelligence in Robotics and Automation CIRA'97.'Towards New Computational Principles for Robotics and Automation'},
  pages={146--151},
  year={1997},
  organization={IEEE}
}

@article{selin2019efficient,
  title={\href{https://ieeexplore.ieee.org/document/8633925}{Efficient autonomous exploration planning of large-scale 3-{D} environments}},
  author={Selin, Magnus and Tiger, Mattias and Duberg, Daniel and Heintz, Fredrik and Jensfelt, Patric},
  journal={IEEE Robotics and Automation Letters},
  volume={4},
  number={2},
  pages={1699--1706},
  year={2019},
  publisher={IEEE}
}

@inproceedings{bircher2016receding,
  title={\href{https://ieeexplore.ieee.org/document/7487281}{Receding horizon "next-best-view" planner for 3{D} exploration}},
  author={Bircher, Andreas and Kamel, Mina and Alexis, Kostas and Oleynikova, Helen and Siegwart, Roland},
  booktitle={2016 IEEE international conference on robotics and automation (ICRA)},
  pages={1462--1468},
  year={2016},
  organization={IEEE}
}

@inproceedings{KV99,
  author    = {Orna Kupferman and
               Moshe Y. Vardi},
  title     = {\href{https://link.springer.com/chapter/10.1007/3-540-48683-6_17}{Model Checking of Safety Properties}},
  booktitle = {{CAV}},
  series    = {Lecture Notes in Computer Science},
  volume    = {1633},
  pages     = {172--183},
  publisher = {Springer},
  year      = {1999}
}

@inproceedings{LT88,
  author    = {Kim Guldstrand Larsen and
               Bent Thomsen},
  title     = {\href{https://ieeexplore.ieee.org/document/5119}{A Modal Process Logic}},
  booktitle = {{LICS}},
  pages     = {203--210},
  publisher = {{IEEE} Computer Society},
  year      = {1988}
}